@article{galindo_modeling_2017,
title = {{Modeling the Pathophysiology of Phonotraumatic Vocal Hyperfunction With a Triangular Glottal Model of the Vocal Folds}},
author = {Galindo, Gabriel E. and Peterson, Sean D. and Erath, Byron D. and Castro, Christian and Hillman, Robert E. and Za{\~{n}}artu, Mat{\'{i}}as},
doi = {10.1044/2017_JSLHR-S-16-0412},
issn = {1092-4388},
journal = {Journal of Speech, Language, and Hearing Research},
month = {sep},
number = {9},
pages = {2452--2471},
publisher = {American Speech-Language-Hearing Association},
url = {http://pubs.asha.org/doi/10.1044/2017_JSLHR-S-16-0412},
volume = {60},
year = {2017}
}

@article{lucero_simulations_2005,
author = {Lucero, Jorge C. and Koenig, Laura L.},
title = {{Simulations of temporal patterns of oral airflow in men and women using a two-mass model of the vocal folds under dynamic control}},
doi = {10.1121/1.1853235},
issn = {0001-4966},
journal = {The Journal of the Acoustical Society of America},
keywords = {biomechanics,physiological models,speech},
month = {mar},
number = {3},
pages = {1362--1372},
publisher = {Acoustical Society of America (ASA)},
url = {http://asa.scitation.org/doi/10.1121/1.1853235},
volume = {117},
year = {2005}
}

@article{lucero_smoothness_2015,
author = {Lucero, Jorge C. and Schoentgen, Jean},
doi = {10.1121/1.4919297},
issn = {0001-4966},
journal = {The Journal of the Acoustical Society of America},
keywords = {speech synthesis},
month = {may},
number = {May},
pages = {2970--2973},
publisher = {Acoustical Society of America},
title = {{Smoothness of an equation for the glottal flow rate versus the glottal area ( L )}},
url = {http://asa.scitation.org/doi/10.1121/1.4919297 http://dx.doi.org/10.1121/1.4919297},
volume = {137},
year = {2015}
}

@article{story_technique_2006,
author = {Story, Brad H.},
doi = {10.1121/1.2151802},
issn = {00014966},
journal = {The Journal of the Acoustical Society of America},
keywords = {physiological models,speech,tuning},
month = {jan},
number = {2},
pages = {715},
publisher = {Acoustical Society of America},
title = {{Technique for “tuning” vocal tract area functions based on acoustic sensitivity functions}},
url = {http://scitation.aip.org/content/asa/journal/jasa/119/2/10.1121/1.2151802},
volume = {119},
year = {2006}
}

@article{story_comparison_2008,
author = {Story, Brad H.},
doi = {10.1121/1.2805683},
isbn = {0001-4966},
issn = {1520-8524},
journal = {Journal of the acoustical society of America},
keywords = {articulatory-acoustic models,epg data,mri,shape,speech synthesizer,time,vowels},
month = {jan},
number = {1},
pages = {327--335},
pmid = {18177162},
publisher = {Acoustical Society of America},
title = {{Comparison of magnetic resonance imaging-based vocal tract area functions obtained from the same speaker in 1994 and 2002}},
url = {http://asa.scitation.org/doi/10.1121/1.2805683},
volume = {123},
year = {2008}
}

@article{titze_rules_2002,
author = {Titze, Ingo R and Story, Brad H},
doi = {10.1121/1.1496080},
issn = {0001-4966},
journal = {The Journal of the Acoustical Society of America},
keywords = {Biomechanical Phenomena,Elasticity,Humans,Isometric Contraction,Laryngeal Muscles,Models,Phonation,Sound Spectrography,Speech Acoustics,Theoretical,Vocal Cords},
month = {sep},
number = {3},
pages = {1064--1076},
pmid = {12243155},
title = {{Rules for controlling low-dimensional vocal fold models with muscle activation}},
url = {http://www.ncbi.nlm.nih.gov/pubmed/12243155},
volume = {112},
year = {2002}
}


@article{story_voice_1995,
author = {Story, Brad H. and Titze, Ingo R.},
doi = {10.1121/1.412234},
eprint = {arXiv:1011.1669v3},
isbn = {0001-4966 (Print)$\backslash$r0001-4966 (Linking)},
issn = {0001-4966},
journal = {The Journal of the Acoustical Society of America},
keywords = {DAMPING,ELASTICITY,EPITHELIUM,MECHANICAL VIBRATIONS,MUSCLES,SIMULATION,SPEECH PRODUCTION,SPEECH SYNTHESIZERS,VOCAL CORDS,VOCAL TRACT,VOICES},
month = {feb},
number = {2},
pages = {1249--1260},
pmid = {7876446},
publisher = {Acoustical Society of America},
title = {{Voice simulation with a body-cover model of the vocal folds}},
url = {http://asa.scitation.org/doi/10.1121/1.412234},
volume = {97},
year = {1995}
}

@article{zanartu_modeling_2014,
author = {Za{\~{n}}artu, Mat{\'{i}}as and Galindo, Gabriel E. and Erath, Byron D. and Peterson, Sean D. and Wodicka, George R. and Hillman, Robert E.},
doi = {10.1121/1.4901714},
issn = {0001-4966},
journal = {The Journal of the Acoustical Society of America},
keywords = {loudness,speech},
month = {dec},
number = {6},
pages = {3262--3271},
publisher = {Acoustical Society of America},
title = {{Modeling the effects of a posterior glottal opening on vocal fold dynamics with implications for vocal hyperfunction}},
url = {http://asa.scitation.org/doi/10.1121/1.4901714},
volume = {136},
year = {2014}
}
